@article{dennisWorstAnthroJob2022,
  title = {The {{Worst}} of {{Anthro Job Ads}} for 2021},
  author = {Dennis, Dannah and Docot, Dada and Gendron, Danielle and Gershon, Ilana},
  year = {2022},
  journal = {American Anthropologist},
  volume = {124},
  number = {4},
  pages = {900--905},
  issn = {1548-1433},
  doi = {10.1111/aman.13781},
  urldate = {2024-10-22},
  copyright = {{\copyright} 2022 The Authors. American Anthropologist published by Wiley Periodicals LLC on behalf of American Anthropological Association.},
  langid = {english}
}


@article{crambChangingProfileTenureTrack2022a,
  title = {The {{Changing Profile}} of {{Tenure-Track Faculty}} in {{Archaeology}}},
  author = {Cramb, Justin and Ritchison, Brandon T. and Hadden, Carla S. and Zhang, Qian and Alarcón-Tinajero, Edgar and Chen, Xianyan and Jones, K. C. and Jones, Travis and Napora, Katharine and Veres, Matthew and Thompson, Victor D.},
  date = {2022-11},
  journaltitle = {Advances in Archaeological Practice},
  volume = {10},
  number = {4},
  pages = {371--381},
  issn = {2326-3768},
  doi = {10.1017/aap.2022.8},
  url = {https://www.cambridge.org/core/journals/advances-in-archaeological-practice/article/changing-profile-of-tenuretrack-faculty-in-archaeology/BE3D2C6406E1D1E57FF31860F84C53F2},
  urldate = {2024-10-16},
  abstract = {The goal for many PhD students in archaeology is tenure-track employment. Students primarily receive their training by tenure-track or tenured professors, and they are often tacitly expected—or explicitly encouraged—to follow in the footsteps of their advisor. However, the career trajectories that current and recent PhD students follow may hold little resemblance to the ones experienced by their advisors. To understand these different paths and to provide information for current PhD students considering pursuing a career in academia, we surveyed 438 archaeologists holding tenured or tenure-track positions in the United States. The survey, recorded in 2019, posed a variety of questions regarding the personal experiences of individual professors. The results are binned by the decade in which the respondent graduated. Evident patterns are discussed in terms of change over time. The resulting portraits of academic pathways through the past five decades indicate that although broad commonalities exist in the qualifications of early career academics, there is no singular pathway to obtaining tenure-track employment. We highlight the commonalities revealed in our survey to provide a set of general qualifications that might provide a baseline set of skills and experiences for an archaeologist seeking a tenure-track job in the United States. ,  Doctorantes en arqueología comúnmente anhelan lograr empleo académico con tenencia docente. Los estudiantes de doctorado principalmente reciben formación académica y profesional por parte de profesores que al igual han obtenido o anhelan obtener empleo con tenencia docente. Comúnmente, se espera tácita o explícitamente proseguir en pasos de sus asesores. Sin embargo, la trayectoria profesional de estudiantes doctorales y recién egresados suelen tener poca semejanza a las trayectorias de sus respectivos asesores. Encuestamos 438 arqueólogos en plazas con tenencia docente o con posibilidad de tenencia docente en los Estados Unidos para esclarecer diversas trayectorias profesionales y asesorar actuales doctorantes que contemplan una carrera académica. La encuesta que se llevó a cabo en 2019 plantea una variedad de preguntas acerca de experiencias individuales de los encuestados. Los resultados se agrupan por década en cual se egresó el encuestado. Se discuten los evidentes patrones conforme cambios cronológicos. Los resúmenes de trayectorias profesionales académicas a lo largo de las últimas cinco décadas indican que aunque existen características compartidas en las cualificaciones de los recién egresados académicos profesionales, no existe una ruta singular hacia un empleo con tenencia docente. Resaltamos las características compartidas entre los encuestados para presentar cualificaciones que pueden ser un punto de referencia de las destrezas y experiencias adecuadas para un arqueólogo en busca de tenencia docente en los Estados Unidos.},
  langid = {english},
  keywords = {academic qualifications,asesoría,cualificaciones académicas,demografía profesoral,graduate school,job market,mentoring,mercado laboral,posgrado,professorial demographics,tenencia docente,tenure track}
}


@article{lightfoot2021preparing,
  title={Preparing for the academic job market: A guide for social work doctoral students and their mentors},
  author={Lightfoot, Elizabeth and Franklin, Cynthia and Beltran, Raiza},
  journal={Journal of Social Work Education},
  volume={57},
  number={1},
  pages={153--164},
  year={2021},
  publisher={Taylor \& Francis}
}

@article{musial2018five,
  title={Five-Year Study on Hiring Trends in Gender, Women's, and Feminist Studies},
  author={Musial, Jennifer and Holmes, Christina},
  journal={Feminist Studies},
  volume={44},
  number={2},
  pages={253--272},
  year={2018},
  publisher={Feminist Studies, Inc.}
}


@Article{Marwick2017,
 author="Marwick, Ben",
 title="Computational Reproducibility in Archaeological Research: Basic Principles and a Case Study of Their Implementation",
 journal="Journal of Archaeological Method and Theory",
 year="2017",
 month="Jun",
 day="01",
 volume="24",
 number="2",
 pages="424--450",
 abstract="The use of computers and complex software is pervasive in archaeology, yet their role in the analytical pipeline is rarely exposed for other researchers to inspect or reuse. This limits the progress of archaeology because researchers cannot easily reproduce each other's work to verify or extend it. Four general principles of reproducible research that have emerged in other fields are presented. An archaeological case study is described that shows how each principle can be implemented using freely available software. The costs and benefits of implementing reproducible research are assessed. The primary benefit, of sharing data in particular, is increased impact via an increased number of citations. The primary cost is the additional time required to enhance reproducibility, although the exact amount is difficult to quantify.",
 issn="1573-7764",
 doi="10.1007/s10816-015-9272-9",
 url="https://doi.org/10.1007/s10816-015-9272-9"
}
